@article{kour2014real,
  title={Real-time segmentation of on-line handwritten arabic script},
  author={Kour, George and Saabne, Raid},
  booktitle={Frontiers in Handwriting Recognition (ICFHR), 2014 14th International Conference on},
  pages={417--422},
  year={2014},
  organization={IEEE}
}

@article{kour2014fast,
  title={Fast classification of handwritten on-line Arabic characters},
  author={Kour, George and Saabne, Raid},
  booktitle={Soft Computing and Pattern Recognition (SoCPaR), 2014 6th International Conference of},
  pages={312--318},
  year={2014},
  organization={IEEE},
  doi={10.1109/SOCPAR.2014.7008025}
}

@article{hadash2018estimate,
  title={Estimate and Replace: A Novel Approach to Integrating Deep Neural Networks with Existing Applications},
  author={Hadash, Guy and Kermany, Einat and Carmeli, Boaz and Lavi, Ofer and Kour, George and Jacovi, Alon},
  journal={arXiv preprint arXiv:1804.09028},
  year={2018}
}

@article{Srinivas_2012,
year = 2012,
publisher = {Institute of Electrical and Electronics Engineers ({IEEE})},
volume = {58},
number = {5},
pages = {3250--3265},
author = {Niranjan Srinivas and Andreas Krause and Sham M. Kakade and Matthias W. Seeger},
title = {{Information}-{Theoretic} {Regret} {Bounds} for 
{Gaussian} {Process} {Optimization} in the {Bandit} {Setting}},
journal = {{IEEE} Transactions on Information Theory}
}

@misc{CB,
  author = {Loaiza-Ganem, Gabriel and Cunningham, John P.},
  year = {2019},
  pages = {},
  title = {The {Continuous} {Bernoulli}: {Fixing} a {Pervasive} {Error} in {Variational} {Autoencoders}},
  publisher = {arXiv},
}

@article{BVAE,
author = {Kingma, Diederik and Welling, Max},
year = {2013},
month = {12},
pages = {},
title = {{Auto}-{Encoding} {Variational} {Bayes}},
journal = {ICLR}
}

@misc{importancesampling,
  doi = {10.48550/ARXIV.1401.4082},
  
  url = {https://arxiv.org/abs/1401.4082},
  
  author = {Rezende, Danilo Jimenez and Mohamed, Shakir and Wierstra, Daan},
  
  title = {{Stochastic} {Backpropagation} and {Approximate} {Inference} in {Deep} {Generative} {Models}},
  
  publisher = {arXiv},
  
  year = {2014},
  
  copyright = {arXiv.org perpetual, non-exclusive license}
}

@article{Kingma_2019,
	doi = {10.1561/2200000056},
	year = 2019,
	publisher = {Now Publishers},
  
	volume = {12},
  
	number = {4},
  
	pages = {307--392},
  
	author = {Diederik P. Kingma and Max Welling},
  
	title = {{An} {Introduction} to {Variational} {Autoencoders}},
  
	journal = {Foundations and Trends{\textregistered} in Machine Learning}
}

@book{pml2Book,
 author = "Kevin P. Murphy",
 title = "Probabilistic Machine Learning: Advanced Topics",
 publisher = "MIT Press",
 year = 2023,
 url = "http://probml.github.io/book2"
}

@misc{diffusion2020,
  doi = {10.48550/ARXIV.2006.11239},
  
  url = {https://arxiv.org/abs/2006.11239},
  
  author = {Ho, Jonathan and Jain, Ajay and Abbeel, Pieter},
  
  keywords = {Machine Learning (cs.LG), Machine Learning (stat.ML), FOS: Computer and information sciences, FOS: Computer and information sciences},
  
  title = {Denoising Diffusion Probabilistic Models},
  
  publisher = {arXiv},
  
  year = {2020},
  
  copyright = {arXiv.org perpetual, non-exclusive license}
}

@incollection{pytorch,
title = {PyTorch: An Imperative Style, High-Performance Deep Learning Library},
author = {Paszke, Adam and Gross, Sam and Massa, Francisco and Lerer, Adam and Bradbury, James and Chanan, Gregory and Killeen, Trevor and Lin, Zeming and Gimelshein, Natalia and Antiga, Luca and Desmaison, Alban and Kopf, Andreas and Yang, Edward and DeVito, Zachary and Raison, Martin and Tejani, Alykhan and Chilamkurthy, Sasank and Steiner, Benoit and Fang, Lu and Bai, Junjie and Chintala, Soumith}
}